@article{xsscheatsheet,
title={Steal Cookies with Reflected XSS},
author={Luke Sheppard},
url="https://github.com/s0wr0b1ndef/WebHacking101/blob/master/xss-reflected-steal-cookie.md",
}

@article{reverseshell,
title={WebShell},
author={pentestmonkey},
url="https://github.com/tutorial0/WebShell/blob/master/Php/php-reverse-shell.php",
}



